@incollection{richter2016polynomial,
  title={Polynomial trajectory planning for aggressive quadrotor flight in dense indoor environments},
  author={Richter, Charles and Bry, Adam and Roy, Nicholas},
  booktitle={Robotics Research},
  pages={649--666},
  year={2016},
  publisher={Springer}
}

@INPROCEEDINGS{9986703,
  author={Zhou, Qiang and Liu, Guangcai},
  booktitle={2022 IEEE International Conference on Unmanned Systems (ICUS)}, 
  title={UAV Path Planning Based on the Combination of A-star Algorithm and RRT-star Algorithm}, 
  year={2022},
  volume={},
  number={},
  pages={146-151},
  keywords={Heuristic algorithms;Urban areas;Path planning;Task analysis;UAV;path planning;A-star algorithm;RRT-star algorithm},
  doi={10.1109/ICUS55513.2022.9986703}}

  @INPROCEEDINGS{6225337,
  author={Pan, Jia and Chitta, Sachin and Manocha, Dinesh},
  booktitle={2012 IEEE International Conference on Robotics and Automation}, 
  title={FCL: A general purpose library for collision and proximity queries}, 
  year={2012},
  volume={},
  number={},
  pages={3859-3866},
  keywords={Deformable models;Computational modeling;Robots;Collision avoidance;Libraries;Shape;Charge coupled devices},
  doi={10.1109/ICRA.2012.6225337}}

@ARTICLE{hornung13auro,
  author = {Armin Hornung and Kai M. Wurm and Maren Bennewitz and Cyrill
  Stachniss and Wolfram Burgard},
  title = {{OctoMap}: An Efficient Probabilistic {3D} Mapping Framework Based
  on Octrees},
  journal = {Autonomous Robots},
  year = 2013,
  url = {https://octomap.github.io},
  doi = {10.1007/s10514-012-9321-0},
  note = {Software available at \url{https://octomap.github.io}}
}
